@article{TDR,
      author         = "Ayres, D. S. and others",
      title          = "{The NOvA Technical Design Report}",
      collaboration  = "NOvA",
      year           = "2007",
      journal        = "Fermilab Publication",
      reportNumber   = "FERMILAB-DESIGN-2007-01",
      SLACcitation   = "%%CITATION = FERMILAB-DESIGN-2007-01;%%"
}

@phdthesis{Marshall,
      author         = "Marshall, John Stuart",
      title          = "{A study of muon neutrino disappearance with the MINOS
                        detectors and the NuMI neutrino beam}",
      school         = "Cambridge U.",
      year           = "2008",
      url            = "http://lss.fnal.gov/cgi-bin/find_paper.pl?thesis-2008-20",
      reportNumber   = "FERMILAB-THESIS-2008-20",
      SLACcitation   = "%%CITATION = FERMILAB-THESIS-2008-20;%%"
}

